<record><leader>00000cas a22000007a 4500</leader><controlfield tag="001">8802955</controlfield><controlfield tag="008">820924d18351840inuwr ne      0    0eng  </controlfield><datafield ind1=" " ind2=" " tag="010"><subfield code="a">sn 82015049 </subfield></datafield><datafield ind1=" " ind2=" " tag="040"><subfield code="a">DLC</subfield><subfield code="b">eng</subfield><subfield code="c">DLC</subfield><subfield code="d">NPI</subfield><subfield code="d">DLC</subfield><subfield code="d">OCLCQ</subfield></datafield><datafield ind1=" " ind2=" " tag="042"><subfield code="a">msc</subfield></datafield><datafield ind1="0" ind2="0" tag="050"><subfield code="a">Newspaper 7701-X</subfield></datafield><datafield ind1="0" ind2="0" tag="245"><subfield code="a">Rockville intelligencer.</subfield></datafield><datafield ind1=" " ind2=" " tag="260"><subfield code="a">Rockville, Ind. :</subfield><subfield code="b">William T. Noel</subfield></datafield><datafield ind1=" " ind2=" " tag="300"><subfield code="a">v. ;</subfield><subfield code="c">51-69 cm.</subfield></datafield><datafield ind1=" " ind2=" " tag="310"><subfield code="a">Weekly</subfield></datafield><datafield ind1="1" ind2=" " tag="362"><subfield code="a">Began with July 11, 1835 issue; ceased in Nov. 1840.</subfield></datafield><datafield ind1=" " ind2=" " tag="500"><subfield code="a">"Whig."</subfield></datafield><datafield ind1=" " ind2=" " tag="588"><subfield code="a">Description based on: Vol. 1, no. 2 (July 18, 1835).</subfield></datafield><datafield ind1=" " ind2=" " tag="752"><subfield code="a">United States</subfield><subfield code="b">Indiana</subfield><subfield code="c">Parke</subfield><subfield code="d">Rockville.</subfield></datafield><datafield ind1="0" ind2="0" tag="780"><subfield code="t">Wabash herald</subfield><subfield code="w">(DLC)sn 82015021</subfield></datafield><datafield ind1="0" ind2="0" tag="785"><subfield code="t">Olive branch (Rockville, Ind.)</subfield><subfield code="w">(DLC)sn 82014822</subfield></datafield><datafield ind1="1" ind2=" " tag="029"><subfield code="a">AU@</subfield><subfield code="b">000025826297</subfield></datafield></record>